<record><leader>00000cas a22000007a 4500</leader><controlfield tag="001">17820601</controlfield><controlfield tag="008">880420d18uu18uumsuuu ne      0    0eng d</controlfield><datafield ind1=" " ind2=" " tag="010"><subfield code="a">sn 88067181 </subfield></datafield><datafield ind1=" " ind2=" " tag="040"><subfield code="a">MPC</subfield><subfield code="b">eng</subfield><subfield code="c">MPC</subfield><subfield code="d">MSJ</subfield><subfield code="d">OCLCQ</subfield></datafield><datafield ind1=" " ind2=" " tag="042"><subfield code="a">msc</subfield></datafield><datafield ind1="0" ind2=" " tag="130"><subfield code="a">Pine knot (Gainesville, Miss.)</subfield></datafield><datafield ind1="1" ind2="0" tag="245"><subfield code="a">Pine knot.</subfield></datafield><datafield ind1="3" ind2="0" tag="246"><subfield code="a">Pearl River pine knot</subfield></datafield><datafield ind1=" " ind2=" " tag="260"><subfield code="a">Gainesville, Miss. :</subfield><subfield code="b">E.P. Howe</subfield></datafield><datafield ind1=" " ind2=" " tag="588"><subfield code="a">Description based on: New ser., no. 6 (July 13, 1850).</subfield></datafield><datafield ind1=" " ind2=" " tag="752"><subfield code="a">United States</subfield><subfield code="b">Mississippi</subfield><subfield code="c">Hancock</subfield><subfield code="d">Gainesville.</subfield></datafield></record>